@book{mitchell1997machine,
  title={Machine Learning},
  author={Mitchell, T.M.},
  isbn={9780071154673},
  lccn={97007692},
  series={McGraw-Hill International Editions},
  url={https://books.google.com.ar/books?id=EoYBngEACAAJ},
  year={1997},
  publisher={McGraw-Hill}
}
